<record><leader>00000cas a2200000 a 4500</leader><controlfield tag="001">11934961</controlfield><controlfield tag="008">850418d18711890tnuwr ne      0    0eng d</controlfield><datafield ind1=" " ind2=" " tag="010"><subfield code="a">sn 85033398 </subfield></datafield><datafield ind1=" " ind2=" " tag="040"><subfield code="a">NPU</subfield><subfield code="b">eng</subfield><subfield code="c">NPU</subfield><subfield code="d">NPX</subfield><subfield code="d">KNP</subfield><subfield code="d">TGN</subfield><subfield code="d">OCL</subfield><subfield code="d">TGN</subfield><subfield code="d">OCLCQ</subfield><subfield code="d">OCLCF</subfield><subfield code="d">OCLCO</subfield></datafield><datafield ind1="1" ind2=" " tag="029"><subfield code="a">AU@</subfield><subfield code="b">000020379011</subfield></datafield><datafield ind1=" " ind2=" " tag="042"><subfield code="a">msc</subfield></datafield><datafield ind1=" " ind2=" " tag="043"><subfield code="a">n-us-tn</subfield></datafield><datafield ind1="0" ind2="4" tag="245"><subfield code="a">The review and journal.</subfield></datafield><datafield ind1=" " ind2=" " tag="260"><subfield code="a">Franklin, Tenn. :</subfield><subfield code="b">Haynes &amp; Bro.</subfield></datafield><datafield ind1=" " ind2=" " tag="300"><subfield code="a">v. ;</subfield><subfield code="c">71 cm.</subfield></datafield><datafield ind1=" " ind2=" " tag="310"><subfield code="a">Weekly</subfield></datafield><datafield ind1="1" ind2=" " tag="362"><subfield code="a">Began in 1871; ceased in 1890.</subfield></datafield><datafield ind1=" " ind2=" " tag="500"><subfield code="a">Publishers: Haynes &amp; Bro., &lt;1872&gt;; Thomas E. &amp; B.F. Haynes, &lt;1873&gt;; Haynes, Andrews &amp; Co., &lt;1874&gt;; Haynes &amp; Andrews, &lt;1875&gt;; M.L. Andrews, Jr., 1875-&lt;1877&gt;; Haynes &amp; Andrews, &lt;1878-1885&gt;; Review &amp; Journal Pub. Co., &lt;1889-1891&gt;</subfield></datafield><datafield ind1=" " ind2=" " tag="580"><subfield code="a">Formed by the union of: Franklin review (Franklin, Tenn.), and: Williamson journal.</subfield></datafield><datafield ind1=" " ind2=" " tag="580"><subfield code="a">Merged with: Farmer's appeal, to form: Review and appeal.</subfield></datafield><datafield ind1=" " ind2=" " tag="588"><subfield code="a">Description based on: Vol. 49, no. 14 (Mar. 21, 1872).</subfield></datafield><datafield ind1=" " ind2="0" tag="651"><subfield code="a">Franklin (Tenn.)</subfield><subfield code="v">Newspapers.</subfield></datafield><datafield ind1=" " ind2="0" tag="651"><subfield code="a">Williamson County (Tenn.)</subfield><subfield code="v">Newspapers.</subfield></datafield><datafield ind1=" " ind2="7" tag="655"><subfield code="a">Newspapers.</subfield><subfield code="2">fast</subfield><subfield code="0">(OCoLC)fst01423814</subfield></datafield><datafield ind1=" " ind2="7" tag="651"><subfield code="a">Tennessee</subfield><subfield code="z">Franklin.</subfield><subfield code="2">fast</subfield><subfield code="0">(OCoLC)fst01208691</subfield></datafield><datafield ind1=" " ind2="7" tag="651"><subfield code="a">Tennessee</subfield><subfield code="z">Williamson County.</subfield><subfield code="2">fast</subfield><subfield code="0">(OCoLC)fst01207678</subfield></datafield><datafield ind1=" " ind2=" " tag="752"><subfield code="a">United States</subfield><subfield code="b">Tennessee</subfield><subfield code="c">Williamson</subfield><subfield code="d">Franklin.</subfield></datafield><datafield ind1="1" ind2="4" tag="780"><subfield code="t">Franklin review (Franklin, Tenn.)</subfield><subfield code="w">(DLC)sn 89058088</subfield></datafield><datafield ind1="1" ind2="4" tag="780"><subfield code="t">Williamson journal</subfield><subfield code="w">(DLC)sn 89058090</subfield></datafield><datafield ind1="1" ind2="7" tag="785"><subfield code="t">Farmer's appeal</subfield><subfield code="w">(DLC)sn 89058091</subfield></datafield><datafield ind1="1" ind2="7" tag="785"><subfield code="t">Review and appeal</subfield><subfield code="w">(DLC)sn 89058084</subfield></datafield></record>